@Inbook{Knijnenburg2002,
author="Knijnenburg, P. M. W.
and Kisuki, T.
and O'Boyle, M. F. P.",
editor="Deprettere, Ed F.
and Teich, J{\"u}rgen
and Vassiliadis, Stamatis",
title="Iterative Compilation",
bookTitle="Embedded Processor Design Challenges: Systems, Architectures, Modeling, and Simulation --- SAMOS",
year="2002",
publisher="Springer Berlin Heidelberg",
address="Berlin, Heidelberg",
pages="171--187",
isbn="978-3-540-45874-6",
doi="10.1007/3-540-45874-3_10",
url="http://dx.doi.org/10.1007/3-540-45874-3_10"
}

@inproceedings{kisuki2000iterative,
  title={Iterative compilation in program optimization},
  author={Kisuki, Toru and Knijnenburg, P and O’Boyle, M and Wijshoff, H},
  booktitle={Proc. CPC’10 (Compilers for Parallel Computers)},
  pages={35--44},
  year={2000}
}

@article{gheorghita2005iterative,
  title={Iterative compilation for energy reduction},
  author={Gheorghita, Stefan Valentin and Corporaal, Henk and Basten, Twan},
  journal={Journal of Embedded Computing},
  volume={1},
  number={4},
  pages={509--520},
  year={2005},
  publisher={IOS Press}
}

@Inbook{Fursin2005,
author="Fursin, G. G.
and O'Boyle, M. F. P.
and Knijnenburg, P. M. W.",
title="Evaluating Iterative Compilation",
bookTitle="Languages and Compilers for Parallel Computing: 15th Workshop, LCPC 2002, College Park, MD, USA, July 25-27, 2002. Revised Papers",
year="2005",
publisher="Springer Berlin Heidelberg",
address="Berlin, Heidelberg",
pages="362--376",
isbn="978-3-540-31612-1",
doi="10.1007/11596110_24",
url="http://dx.doi.org/10.1007/11596110_24"
}

@book{stallings2000computer,
  title={Computer organization and architecture: designing for performance},
  author={Stallings, William},
  year={2000},
  publisher={Pearson Education India}
}

@book{muchnick1997advanced,
  title={Advanced compiler design implementation},
  author={Muchnick, Steven S},
  year={1997},
  publisher={Morgan Kaufmann}
}

@inproceedings{coleman1995tile,
  title={Tile size selection using cache organization and data layout},
  author={Coleman, Stephanie and McKinley, Kathryn S},
  booktitle={ACM SIGPLAN Notices},
  volume={30},
  number={6},
  pages={279--290},
  year={1995},
  organization={ACM}
}

@book{mitchell1998introduction,
  title={An introduction to genetic algorithms},
  author={Mitchell, Melanie},
  year={1998},
  publisher={MIT press}
}

@misc{Arraypad92:online,
author = {},
title = {Array padding},
howpublished = {\url{https://www.irisa.fr/caps/projects/TSF/demo/doc/node66.html}},
month = {},
year = {},
note = {(Accessed on 05/02/2017)}
}

@article{bergstra2012random,
  title={Random search for hyper-parameter optimization},
  author={Bergstra, James and Bengio, Yoshua},
  journal={Journal of Machine Learning Research},
  volume={13},
  number={Feb},
  pages={281--305},
  year={2012}
}